@INPROCEEDINGS{cameron97,
author = {Stephen Cameron},
title = {{Enhancing GJK: Computing Minimum and Penetration Distances between Convex Polyhedra}},
booktitle = {Proceedings of the 1997 IEEE International Conference on Robotics and Automation},
volume = {4},
year = {1997},
pages = {3112-3117}
}

@TECHREPORT{choi05,
author = {Yi-King Choi and Xueqing Li and Wenping Wang and Stephen Cameron},
title = {{Collision Detection of Convex Polyhedra Based on Duality Transformation}},
institution = {University of Hong Kong},
year = {2005},
number = {TR-2005-01}
}

@ARTICLE{gilbert88,
author = {Elmer G Gilbert and Daniel W Johnson and S Sathiya Keerthi},
title = {{A Fast Procedure for Computing the Distance Between Complex Objects in Three-Dimensional Space}},
journal = {IEEE Journal of Robotics and Automation},
volume = {4},
number = {2},
month = {April},
year = {1988},
pages = {193-203}
}

@ARTICLE{jimenez01,
author = {Pablo Jim\'enez and Federico Thomas and Carme Torras},
title = {{3D Collision Detection: A Survey}},
journal = {Computers \& Graphics},
volume = {25},
number = {2},
year = {2001},
pages = {269-285}
}

@TECHREPORT{larsen99,
author = {Eric Larsen and Stefan Gottschalk and Ming C Lin and Dinesh Manocha},
title = {{Fast Promiximity Queries with Swept Sphere Volumes}},
institution = {Department of Computer Science, UNC Chapel Hill},
year = {1999},
number = {TR99-018}
}

@INPROCEEDINGS{lin98,
author = {Ming Lin and Stefan Gottschalk},
title = {{Collision detection between geometric models: a survey}},
booktitle = {Proceedings of the IMA Conference on Mathematics of Surfaces},
volume = {1},
year = {1998},
pages = {602-608}
}

@ARTICLE{mazhar13,
author = {H Mazhar and T Heyn and A Pazouki and D Melanz and A Seidl and A Bartholomew and A Tasora and D Negrut},
title = {{Chrono: a parallel multi-physics library for rigid-body, flexible-body, and fluid dynamics}},
journal = {Mechanical Sciences},
volume = {4},
year = {2013},
pages = {49-64}
}

@ARTICLE{mirtich98,
author = {Brian Mirtich},
title = {{V-Clip: Fast and Robust Polyhedral Collision Detection}},
journal = {ACM Transactions on Graphics (TOG)},
volume = {17},
number = {3},
month = {July},
year = {1998},
pages = {177-208}
}

@MASTERSTHESIS{newth13,
author = {Joshua M O Newth},
title = {{Minkowski Portal Refinement and Speculative Contacts in Box2D}},
school = {San Jose State University},
month = {May},
year = {2013}
}

@MASTERSTHESIS{olvang10,
author = {Leif Olv\aa{}ng},
title = {{Real-time Collision Detection with Implicit Objects}},
school = {Uppsala University},
month = {April},
year = {2010}
}

@INCOLLECTION{snethen08,
author = {Gary Snethen},
title = {{XenoCollide: Complex Collision Made Simple}},
booktitle = {Game Programming Gems 7},
editor = {Scott Jacobs},
publisher = {Charles River Media},
pages = {165-178},
year = {2008}
}

@ARTICLE{vandenbergen99,
author = {Gino van den Bergen},
title = {{A Fast and Robust GJK Implementation for Collision Detection of Convex Objects}},
journal = {Journal of Graphics Tools},
volume = {4},
number = {2},
month = {March},
year = {1999},
pages = {7-25}
}